[@ltu5335]{
    author = Hello
}
